00594cas a22002291a 4500
001 999282523502836
003 Nz
005 20161223152953.0
008 031222d1969uuuunz  r ne      0   0 eng d
035    $a (NLNZils)928252
035    $a (Nz)8138608
035    $a (NLNZils)928252-ilsdb
035    $a (OCoLC)173421008
040    $a WN $c WN
042    $a nznb
043    $a u-nz---
245 00 $a Eastern suburbs observer.
260    $a [Wellington, N.Z. : $b s.n., $c 1969-?]
310    $a Monthly
362 0  $a 1969 Sep.-?
651  0 $a Wellington (N.Z.) $v Newspapers.
655  7 $a New Zealand newspapers. $2 local $5 Nz
